

@ARTICLE{thermoregulation,
	author = {Lenhardt R, Kurz A, Sessier Dl},
	title = {{T}hermoregulation {a}nd {h}yperthermia},
	journal = {Acta A.S. Supplementum},
	year = {1996},
	volume = {109},
	pages = {123-456},
	number = {34},
	publisher = {Acta AS}
}